@BOOK{meyers2014effective,
AUTHOR = {Meyers, S.},
TITLE = {Effective Modern C++: 42 Specific Ways to Improve Your Use of C++11 and C++14},
PUBLISHER = {O'Reilly Media}, 
YEAR = {2014},
edition = {2nd Edition},
}


@BOOK{alexandrescu,
AUTHOR = { A. Alexandrescu},
TITLE = {Modern C++ Design: Generic Programming and Design Patterns Applied},
PUBLISHER = {Addison-Wesley, Reading, MA.},
YEAR = {2001},
edition = {2nd Edition},
}